@MISC { git,
        title = {Git - Fast Version Control System}
        month = nov
        year = {2011}
        url = {http://git-scm.com}
}

@MISC { github,
        title = {github - Social Coding}
        month = nov
        year = {2011}
        url = {https://github.com/}
}

@MISC { joke,
        title = {Think like a git - Example 4}
        month = nov
        year = {2011}
        url = {http://think-like-a-git.net/sections/git-makes-more-sense-when-you-understand-x/example-3-homeomorphic-endofunctors.html}
}

@MISC { linus-is-a-bastard,
        title = {After controversy, Torvalds begins work on ``git''}
        month = nov
        year = {2011}
        url = {http://www.pcworld.idg.com.au/article/129776/after_controversy_torvalds_begins_work_git_/}
}
